
  @article{pPbref01,                                                                                                  
  title="{Proton-Nucleus Collisions in the LHC}",                                                                    
  author={Jowett, J. M. and others},                                                                                 
  journal={Proceedings of IPAC 2013, Shanghai, China},                                                               
  year={2013},                                                                                                       
  number={MOODB201},                                                                                                 
  url = {http://accelconf.web.cern.ch/AccelConf/IPAC2013/papers/moodb201.pdf},                                       
  pages = {49}                                                                                                       
 }           


 @article{jowett-RLIUP13,                                                                                            
     author    =  {Jowett, J. M. and Schaumann, M. and Versteegen, R.},                                              
     title     = "{Future heavy-ion performance of the LHC}",                                                        
     journal   = "{Review of LHC and Injector Upgrade Plans Workshop}",                                              
     year      = "2013",                                                                                             
 } 
  @article{PbPbref01,                                                                                                  
  title="{First Run of the LHC as a Heavy-Ion Collider}",                                                            
  author={Jowett, J. M. and others},                                                                                 
  journal={Proceedings of IPAC 2011, San Sebastian, Spain},                                                          
  year={2011},                                                                                                       
  number={TUPZ016},                                                                                                  
  url = {https://accelconf.web.cern.ch/accelconf/IPAC2011/papers/tupz016.pdf},                                       
  pages = {1837}                                                                                                     
 }       
 @article{Jowett:1492972,
      author        = "Jowett, J. M. and others",
      title         = "{Heavy Ions in 2012 and the Programme up to 2022}",
      journal       = "{Chamonix 2012 Workshop on LHC Performance}",
      year          = "2012",
      publisher     = "{CERN}"
}

@PhDThesis{braccothesis,
address         = {Lausanne},
affiliation     = {EPFL},
author          = {Bracco, C.},
doctoral        = {EDPY},
documenturl     = {media_database/pdf/13110601.pdf},
pagecount       = {204},
publisher       = {EPFL},
title           = {Commissioning scenarios and tests for the {LHC} collimation system},
unit            = {LPAP},
year            = 2009
}
@misc{collsixtrack,
author = {LHC Collimation Group Website},
title = {Tracking Code for Collimation Studies},
month = April,
year = {2012},
url = {http://lhc-collimation-project.web.cern.ch/lhc-collimation-project/code-tracking.htm}
}
@techreport{Moens:1574590,
  author        = "{V. Moens et al.}",
  title         = "{Comparison of LHC Beam Loss Maps Using the Transverse
                    Damper Blow Up and Tune Resonance Crossing Methods}",
  institution   = "CERN",
  address       = "Geneva",
  number        = "CERN-ACC-2013-0074",
  month         = "May",
  year          = "2013"
}
@article{PhysRevSTAB17021006,
  title = {Hadronic and electromagnetic fragmentation of ultrarelativistic heavy ions at LHC},
  author = {Braun, H.\,H. and Fass\`o, A. and Ferrari, A. and Jowett, J.\,M. and Sala, P.\,R. and Smirnov, G.\,I.},
  journal = {Phys. Rev. ST Accel. Beams},
  volume = {17},
  issue = {2},
  pages = {021006},
  numpages = {14},
  year = {2014},
  month = {Feb},
  publisher = {American Physical Society},
  doi = {10.1103/PhysRevSTAB.17.021006},
  url = {http://link.aps.org/doi/10.1103/PhysRevSTAB.17.021006}
}
@article{PhysRevSTAB.12.011001,
  title = {Measurements of heavy ion beam losses from collimation},
  author = {Bruce, R. and Assmann, R. W. and Bellodi, G. and Bracco, C. and Braun, H. H. and Gilardoni, S. and Holzer, E. B. and Jowett, J. M. and Redaelli, S. and Weiler, T.},
  journal = {Phys. Rev. ST Accel. Beams},
  volume = {12},
  issue = {1},
  pages = {011001},
  numpages = {12},
  year = {2009},
  month = {Jan},
  publisher = {American Physical Society},
  doi = {10.1103/PhysRevSTAB.12.011001},
  url = {http://link.aps.org/doi/10.1103/PhysRevSTAB.12.011001}
}
@techreport{Holden:1151294,
      author        = "Holden, N.",
      title         = "{Development of the ICOSIM Program and Application to
                       Magnetised Collimators in the LHC}",
      institution   = "CERN",
      address       = "Geneva",
      number        = "CERN-AB-Note-2008-054",
      month         = "Dec",
      year          = "2008",
      url = {http://cds.cern.ch/record/1151294/files/AB-Note-2008-054.pdf}

}
@article{PhysRevSTAB.1.081001,
  title = {Optics of a two-stage collimation system},
  author = {Jeanneret, J. B.},
  journal = {Phys. Rev. ST Accel. Beams},
  volume = {1},
  issue = {8},
  pages = {081001},
  numpages = {9},
  year = {1998},
  publisher = {American Physical Society},
  url = {http://link.aps.org/doi/10.1103/PhysRevSTAB.1.081001}
}
@article{Alemany-Fernandez:1631030,
      author        = "Alemany-Fernandez, R. and others",
      title         = "{Operation and Configuration of the LHC in Run 1}",
      year          = "2013",
      publisher     = "CERN",
      address       = "Geneva, Switzerland",
      note          = "{CERN-ACC-NOTE-2013-0041}"
}
@mastersthesis{Fjellstrom:1642385,
      author        = "Fjellstrom, M. and others",
      title         = "{Particle Tracking in Circular Accelerators Using the
                       Exact Hamiltonian in SixTrack}",
      school        = "Lulea University, Sweden",
      year          = "2013"
}

@INPROCEEDINGS{1591725,
author={Robert-Demolaize, G. and others},
booktitle={Proceedings of PAC 2005},
title={A New Version of Sixtrack with Collimation and Aperture Interface},
year={2005},
doi={10.1109/PAC.2005.1591725},}

@book{CERN-2004-003-V1,
        address = "Geneva",
	author = "Br{\"u}ning, O. and others",
        publisher = "CERN",
        title = "{LHC Design Report (Volume I, The LHC Main Ring)}",
        year = "2004"
}
@article{Stadlmann:1551543,
      author        = "Stadlmann, J. and Boyzk, L. and Kollmus, H. and Spiller, P.
                       and Strasik, I. and Tahir, N. A. and Tomut, M. and Trautmann,
                       C.",
      title         = "{Collimators and materials for high intensity heavy ion synchrotrons}",
      journal       = "Conf. Proc.",
      number        = "EuCARD-CON-2012-030",
      volume        = "C1205201",
      pages         = "WEPPD028",
      year          = "2012",
}

@article{RobertDemolaize:2006su,
      author         = "Robert-Demolaize, Guillaume",
      title          = "{Design and performance optimization of the LHC
                        collimation system}",
      year           = "2006",
      reportNumber   = "CERN-THESIS-2006-069, CERN-LHC-PROJECT-REPORT-981",
      SLACcitation   = "%%CITATION = CERN-THESIS-2006-069 ETC.;%%",
}

@article{pshenichnov:201101,
year={2011},
issn={1063-7788},
journal={Physics of Atomic Nuclei},
volume={74},
number={1},
doi={10.1134/S1063778811010170},
title={Electromagnetic and hadronic interactions of ultrarelativistic nuclei},
url={http://dx.doi.org/10.1134/S1063778811010170},
publisher={SP MAIK Nauka/Interperiodica},
author={Pshenichnov, I.A. and Karpechev, E.V. and Kurepin, A.B. and Mishustin, I.N.},
pages={139-150},
language={English}
}
@article{pshenichnov:2011_02,
year={2011},
issn={1063-7796},
journal={Physics of Particles and Nuclei},
volume={42},
number={2},
doi={10.1134/S1063779611020067},
title={Electromagnetic excitation and fragmentation of ultrarelativistic nuclei},
url={http://dx.doi.org/10.1134/S1063779611020067},
publisher={SP MAIK Nauka/Interperiodica},
author={Pshenichnov, I.A.},
pages={215-250},
language={English}
}
@inproceedings{dehning2002lhc,
  title="{LHC Beam loss monitor system design}",
  author={B.~Dehning and others},
  booktitle={AIP Conference Proceedings 648, Upton, New York, USA},
  pages={229--236},
  year={2002}
}
@phdthesis{guaglio2005reliability,
  title={Reliability of the beam loss monitors system for the Large Hadron Collider at CERN},
  author={Guaglio, Gianluca},
  year={2005},
  school={Clermont-Ferrand U.}
}
@article{Beringer:1900zz,
      author         = "Beringer, J. and others",
      title          = "{Review of Particle Physics}",
      collaboration  = "Particle Data Group",
      journal        = "Phys.Rev.",
      volume         = "D86",
      pages          = "010001",
      doi            = "10.1103/PhysRevD.86.010001",
      year           = "2012",
      reportNumber   = "SLAC-REPRINT-2014-001",
      SLACcitation   = "%%CITATION = PHRVA,D86,010001;%%",
}
@article{bruce2008ion,
  title="{Ion and proton loss paterns at the SPS and LHC}",
  author={Bruce, R and Bracco, C and Redaelli, S and Gilardoni, S and Assman, R and Jowett, John M and Weiler, T and Bellodi, G and Braun, HH},
  year={2008},
  publisher={CERN}
}
@article{Jowett:1492972,
      author        = "Jowett, J. M. and others",
      title         = "{Heavy Ions in 2012 and the Programme up to 2022}",
      journal       = "{Proceedings of Chamonix 2012 workshop on LHC Performance}",
      year          = "2012",
      pages         = "200 et seq.",
      publisher     = "{CERN}"
}
@article{SixTrackref01,
  title="{SixTrack Version 4.2.16 Single Particle Tracking Code Treating Transverse Motion with Synchrotron Oscillations in a Symplectic Manner - User's Reference Manual}",
  author={F.~Schmidt},
  year  ={1994},
  note   = "{CERN/SL/94-56 (AP)}"
}
@article{Rees:2003he,
      author         = "{J.~R.~Rees}",
      title          = "{Symplecticity in beam dynamics: An Introduction}",
      year           = "2003",
      reportNumber   = "SLAC-PUB-9939"
}
@MISC{WolskiLectures,
  author = {Wolski, A.},
  title = "{Linear Dynamics in Particle Accelerators}",
  year = {2012},
  note = {Notes of lecture series given in 2012/2013 at University of Liverpool, Liverpool, Great Britain},
  url  = {``http://pcwww.liv.ac.uk/~awolski/main_teaching_Cockcroft_LinearDynamics.htm''},
  institute = "{The Cockcroft Institute}"
}
@article{DeMaria:1573545,
      author        = "{R.~De Maria et al.}",
      title         = "{Recent Developments and Future Plans for Sixtrack}",
      number        = "CERN-ACC-2013-0060",
      month         = "May",
      year          = "2013",
}
@article{Bruce2014a,
author = {Bruce, R. and others},
doi = {10.1103/PhysRevSTAB.17.081004},
file = {:home/phermes/Desktop/PhysRevSTAB.17.081004.pdf:pdf},
pages = {1--16},
title = {{Simulations and measurements of beam loss patterns at the CERN Large Hadron Collider}},
volume = {081004},
year = {2014}
}
@article{Bruce2014,
author = {Bruce, R. and Marsili, A. and Redaelli, S.},
url = {https://cds.cern.ch/record/2003162/files/mopro042.pdf},
journal = {Proceedings of IPAC 2014, Dresden, Germany},
pages = {170-173},
title = {{Cleaning performance with 11T dipoles and local dispersion suppressor collimation at the LHC}},
year = {2014},
number={MOPRO042}
}
@article{Fischer2014,
author = {Fischer, Wolfram and Jowett, John M.},
doi = {10.1142/S1793626814300047},
file = {:home/phermes/Desktop/s1793626814300047.pdf:pdf},
issn = {1793-6268},
journal = {Reviews of Accelerator Science and Technology},
keywords = {colliders,collimation,cooling,intrabeam scattering},
pages = {49--76},
title = {{Ion Colliders}},
url = {http://www.worldscientific.com/doi/abs/10.1142/S1793626814300047},
volume = {07},
year = {2014}
}
@misc{Bruning2004,
abstract = {The LHC Design Report is presented in three volumes: the first concerns the main ring, the second the infrastructure and general services and the third, the injector chain. The conceptual design was published in 1995 and this report provides a snapshot of the detailed design as it stands at the time of writing - early 2004.},
author = {Br\"{u}ning, Oliver Sim and Collier, Paul and Lebrun, P and Myers, Stephen and Ostojic, Ranko and Poole, John and Proudlock, Paul},
doi = {10.5170/CERN-2004-003-V-2},
file = {:home/phermes/Dropbox/bibliography/CERN-2004-003-V1.pdf:pdf},
isbn = {9789290832249},
keywords = {CERN-2004-003-V1,definitions,lhc - large hadron collider,machine parameters,operational aspects},
mendeley-tags = {CERN-2004-003-V1},
pages = {548},
publisher = {CERN, Geneva, Switzerland},
title = {{LHC Design Report}},
url = {http://cdsweb.cern.ch/record/782076},
volume = {v. 1},
year = {2004}
}
@book{wolski2014beam,
  title={Beam Dynamics in High Energy Particle Accelerators},
  author={Wolski, A.},
  year={2014},
  publisher={World Scientific}
}
@article{collimationsystemref1,
  title={The final collimation system for the LHC},
  author={Assmann, R. W. and others},
  journal={Proceedings of EPAC 2006, Edinburgh, Scotland},
  year={2006},
  number={TUODFI01},
  url = {http://accelconf.web.cern.ch/accelconf/e06/PAPERS/TUODFI01.PDF},
  pages = {986-988}
}
@article{ATLASref01,
  author={The ATLAS Collaboration},
  title={The ATLAS Experiment at the CERN Large Hadron Collider},
  journal={Journal of Instrumentation},
  volume={3},
  number={08},
  pages={S08003},
  url={http://stacks.iop.org/1748-0221/3/i=08/a=S08003},
  year={2008}
}
@article{CMSref01,
  author={The CMS Collaboration},
  title={The CMS experiment at the CERN LHC},
  journal={Journal of Instrumentation},
  volume={3},
  number={08},
  pages={S08004},
  url={http://stacks.iop.org/1748-0221/3/i=08/a=S08004},
  year={2008}
}
@article{ALICEref01,
  author={The ALICE Collaboration},
  title={The ALICE experiment at the CERN LHC},
  journal={Journal of Instrumentation},
  volume={3},
  number={08},
  pages={S08002},
  url={http://stacks.iop.org/1748-0221/3/i=08/a=S08002},
  year={2008}}
@article{LHCbref01,
  author={The LHCb Collaboration},
  title={The LHCb Detector at the LHC},
  journal={Journal of Instrumentation},
  volume={3},
  number={08},
  pages={S08005},
  url={http://stacks.iop.org/1748-0221/3/i=08/a=S08005},
  year={2008}
}
 @article{jowett-RLIUP13,
     author    =  {Jowett, J. M. and Schaumann, M. and Versteegen, R.},
     title     = "{Future heavy-ion performance of the LHC}",
     journal   = "{Review of LHC and Injector Upgrade Plans Workshop}",
     year      = "2013",
 }

@INPROCEEDINGS{BLMref1, 
author={Holzer, E.B. and others}, 
booktitle={Nuclear Science Symposium Conference Record, 2005 IEEE}, 
title={Beam loss monitoring system for the LHC}, 
year={2005}, 
month={Oct}, 
volume={2}, 
pages={1052-1056}, 
doi={10.1109/NSSMIC.2005.1596433}, 
ISSN={1095-7863},
}

 @article{BLMref02,
  title="{Development, Production and Testing of 4500 Beam Loss Monitors}",
  author={Holzer, E.B. and others},
  journal={Proceedings of EPAC 2008, Genoa, Italy},
  year={2008},
  number={TUPC037},
  url = {http://accelconf.web.cern.ch/accelconf/e08/papers/tupc037.pdf},
  pages = {1134}
 }
 @article{ADTref01,
  title="{Controlled Transverse Blow-Up of High-Energy Proton Beams for Aperture Measurements and Loss Maps}",
  author={H\"{o}fle, W. and others},
  journal={Proceedings of IPAC 2012, New Orleans, Louisiana, USA},
  year={2012},
  number={THPPR039},
  url = {http://accelconf.web.cern.ch/AccelConf/IPAC2012/papers/thppr039.pdf},
  pages = {4059}
 }

@article{ADTref02,
  title="{Transverse feedback: high intensity operation, AGC, IGC, lessons for 2012}",
  author={H\"{o}fle, W. and others},
  journal={3rd Evian Workshop on LHC beam operation, Evian-les-bains, France},
  year={2011},
  pages={97-100}
}

@MISC{MADXref01,
title = "{MAD - Methodical Accelerator Design}",
howpublished = {\url{http://cern.ch/madx/}},
note = {Last accessed: 05.05.2015}
}
@MISC{HITref01,
title = "{Heidelberger Ionenstrahl Therapiezentrum - Website}",
howpublished = {\url{https://www.klinikum.uni-heidelberg.de/Beschleuniger-Anlage.117968.0.html}},
note = {Last accessed: 07.08.2015}
}
@MISC{SOLEILref01,
title = "{Synchrotron SOLEIL - Sources et acc\'{e}l\'{e}rateurs}",
howpublished = {\url{http://www.synchrotron-soleil.fr/portal/page/portal/SourceAccelerateur}},
note = {Last accessed: 07.08.2015}
}


@article{SixTrackref02,
  title="{A new Version of SixTrack with Collimation and Aperture Interface}",
  author={Robert-Demolaize, G. and others},
  journal={Proceedings of PAC 2005, Knoxville, Tennessee, USA},
  year={2005},
  number={FPAT081},
  url = {http://accelconf.web.cern.ch/AccelConf/p05/PAPERS/FPAT081.PDF},
  pages = {4084}
 }
@article{SixTrackref03,
  title="{K2: A Software Package evaluating Collimation Systems in Circular Colliders (Manual)}",
  author={Trenkler, T. and Jeanneret, J.B.},
  journal = {CERN SL Note},
  note={SL/Note 94-105 (AP)},
  year={1994}
 }
 @mastersthesis{SixTrackref04,
     author    = "{Tambasco, C.}",
     title     = "{An improved scattering routine for collimation tracking studies at LHC}",
     school    = "{Universit\'{a} di Roma}",
     type     = "Master's thesis",
     year      = "2014",
     note     = "{CERN-THESIS-2014-014}",
 }
@article{ICOSIMref02,
  title={Collimation of heavy ion beams in LHC},
  author={Braun, H.H. and others},
  journal          = {Proceedings of EPAC 2004, Lucerne, Switzerland},
  year={2004},
        number = {MOPLT010},
      pages = {551}
}
 @article{DPG01,
     author    = "{Eidelman, S. et al.}",
     journal   = "{Physics Letters}",
     volume   = "{B592}",
     number   = "{1}",
     year      = "2004",
 }
 @article{pPbref01,
  title="{Proton-Nucleus Collisions in the LHC}",
  author={Jowett, J. M. and others},
  journal={Proceedings of IPAC 2013, Shanghai, China},
  year={2013},
  number={MOODB201},
  url = {http://accelconf.web.cern.ch/AccelConf/IPAC2013/papers/moodb201.pdf},
  pages = {49}
 }
@article{PbPbref01,
  title="{First Run of the LHC as a Heavy-Ion Collider}",
  author={Jowett, J. M. and others},
  journal={Proceedings of IPAC 2011, San Sebastian, Spain},
  year={2011},
  number={TUPZ016},
  url = {https://accelconf.web.cern.ch/accelconf/IPAC2011/papers/tupz016.pdf},
  pages = {1837}
 }
 @article{lamont_moyab101,
  title="{The First Years of LHC Operation for Luminosity Production}",
  author={Lamont, M.},
  journal={Proceedings of IPAC 2013, Shanghai, China},
  year={2013},
  number={MOYAB101},
  url = {http://accelconf.web.cern.ch/accelconf/ipac2013/papers/moyab101.pdf},
  pages = {6--10}
 }
@article{phermes_hb2014,
  title="{Studies on Heavy Ion Losses from Collimation Cleaning at the LHC}",
  author={Hermes, P.~D. and others  },
  journal={Proceedings of HB 2014, East-Lansing, MI, USA },
  year={2014},
  number={MOPAB43},
  url = {http://accelconf.web.cern.ch/AccelConf/HB2014/papers/mopab43.pdf},
  pages = {138-142}
 }

@article{phermes_ipac2015_1,
  title="{Betatron Cleaning for Heavy Ion Beams with IR7 Dispersion Suppressor Collimators}",
  author={Hermes, P.~D. and Bruce, R. and Jowett, J.~M. and Redaelli, S.  },
  journal={Proceedings of IPAC 2015, Richmond, VA, USA},
  year={2015},
  number={TUPTY025},
  url = {https://jacowfs.jlab.org/conf/proceedings/IPAC2015/papers/tupty025.pdf},
  pages = {2057-2059}
 }

@article{mereghetti_ipac2013_1,
  title="{SixTrack-FLUKA active coupling for the upgrade of the SPS Scrapers}",
  author={Mereghetti, A. and others},
  journal={Proceedings of IPAC 2013, Shanghai, China},
  year={2013},
  number={WEPEA064},
  url = {https://accelconf.web.cern.ch/accelconf/IPAC2013/papers/wepea064.pdf},
  pages = {2657-2659}
 } @article{madxref02,
  title="{MAD-X a worthy successor for MAD8?}",
  author={Schmidt, F.},
  journal={Proceedings of ICAP04, St. Petersburg, Russia},
  volume = {558},
  number = {1},
  pages = {47 - 49},
  year = {2006},
  url = {http://www.sciencedirect.com/science/article/pii/S0168900205020929}
 }
@book{griffiths13,
      author={Griffiths, D.J.},
      title         = "{Introduction to electrodynamics}",
      volume        = "{4}",
      publisher     = "Pearson",
      address       = "{Boston, MA}",
      year          = "2013"
}
 @article{SixTrackLibManual,
     author  = "{De Maria, R. and Fjellstrom, M. and Hermes, P.D.}",
     title   = "{SixTrackLib Manual}",
     year   = "{2015}",
     month  = "{August}",
     note    = "{Unpublished Note}",
 }
@book{wiedemann1999particle,
  title={Particle accelerator physics I: basic principles and linear beam dynamics},
  author={Wiedemann, H.},
  volume={1},
  year={1999},
  publisher={Springer Verlag}
}
@proceedings{Proceedings1994zua,
      title          = "{CERN Accelerator School: 5th general accelerator
                        physics course}",
      editor         = "Turner, S.",      
      url            = {http://www.slac.stanford.edu/spires/find/books/www?cl=QCD183:C2:1992A},
      year           = "1994",
      note           = "{CERN-94-01-V-1}"
}
@article{PhysRevSTAB.18.061001,                                                                                        
  title = {Calculations of safe collimator settings and ${\ensuremath{\beta}}^{*}$ at the CERN Large Hadron Collider},                       
  author = {Bruce, R. and Assmann, R. W. and Redaelli, S.},  
  journal = {Phys. Rev. ST Accel. Beams},                                                                            
  volume = {18},                                                                                                     
  issue = {6},                                                                                                       
  pages = {061001},                                                                                                  
  numpages = {16},                                                                                                   
  year = {2015},                                                                                                     
  month = {Jun},                                                                                                     
  publisher = {American Physical Society},                                                                           
  doi = {10.1103/PhysRevSTAB.17.021006},                                                                             
  url = {http://link.aps.org/doi/10.1103/PhysRevSTAB.17.021006}                                                      
}    

@article{Agostinelli2003250,
title = "{Geant4 - a simulation toolkit}",
author = "S. Agostinelli and others",
journal = "Nucl. Instr. Meth. Phys. Res. A",
volume = "506",
number = "3",
pages = "{250 - 303}",
year = "2003",
url = "{http://www.sciencedirect.com/science/article/pii/S0168900203013688}"

@ARTICLE{1610988, 
author={J. Allison and others}, 
journal={Nuclear Science, IEEE Transactions on}, 
title={Geant4 developments and applications}, 
year={2006}, 
volume={53}, 
number={1}, 
pages={270-278}}

 @article{hermes_nim,
     author    = "P. D. Hermes and others",
     title     = "{Measured and Simulated Heavy-Ion Beam Loss Patterns at the CERN Large Hadron
Collider}",
     journal = "Nucl. Instr. Meth. Phys. Res. A",
     year      = "2015"
 }


@article{Bruning2012705,
title = "{The Large Hadron Collider}",
journal = "Prog. Part. Nucl. Phys. ",
volume = "67",
number = "3",
pages = "705 - 734",
year = "2012",
author = "O. Brüning and H. Burkhardt and S. Myers"
}




}
